<?xml version="1.0" encoding="UTF-8"?><record xmlns="http://www.loc.gov/MARC21/slim" xmlns:cinclude="http://apache.org/cocoon/include/1.0" xmlns:zs="http://www.loc.gov/zing/srw/">
  <leader>00368nz  a2200133n  4500</leader>
  <controlfield tag="001">no2002099195</controlfield>
  <controlfield tag="003">DLC</controlfield>
  <controlfield tag="005">20021031053241.0</controlfield>
  <controlfield tag="008">021030n| acannaabn          |n aaa     c</controlfield>
  <datafield tag="010" ind1=" " ind2=" ">
    <subfield code="a">no2002099195</subfield>
  </datafield>
  <datafield tag="035" ind1=" " ind2=" ">
    <subfield code="a">(OCoLC)oca05900182</subfield>
  </datafield>
  <datafield tag="040" ind1=" " ind2=" ">
    <subfield code="a">InU-Mu</subfield>
    <subfield code="b">eng</subfield>
    <subfield code="c">InU-Mu</subfield>
  </datafield>
  <datafield tag="100" ind1="1" ind2=" ">
    <subfield code="a">Grout, Kelvin</subfield>
  </datafield>
  <datafield tag="670" ind1=" " ind2=" ">
    <subfield code="a">Schumann, R. Myrthen [SR] p1989:</subfield>
    <subfield code="b">label (Kelvin Grout) container (piano)</subfield>
  </datafield>
</record>